% -*-bibliografia.bib-*- Este fichero es parte de la plantilla LaTeX para la realización de Proyectos Final de Carrera, protejido bajo los términos de la licencia GFDL.  Para más información, la licencia completa viene incluida en el fichero fdl-1.3.tex

% Copyright (C) 2009 Pablo Recio Quijano

@MISC{cod:pfc_sfo,
AUTHOR="{Carlos Rafael Belizón Ibáñez}",
title="{Código fuente de Simulator Football Online}",
HOWPUBLISHED="\url{http://github.com/paliyoes/pfc_sfo_rails3}"
}

@MISC{pattern:activerecord,
AUTHOR="{Wikipedia}",
title="{Active Record Pattern}",
HOWPUBLISHED="\url{http://en.wikipedia.org/wiki/Active_record_pattern}"
}

@MISC{lang:coffescript,
AUTHOR="{Jeremy Ashkenas}",
title="{CoffeScript}",
HOWPUBLISHED="\url{http://www.coffeescript.org}"
}

@MISC{lang:sass,
AUTHOR="{Hampton Catlin}",
title="{SASS}",
HOWPUBLISHED="\url{http://www.sass-lang.com}"
}

@MISC{wiki:GIT,
AUTHOR="{Wikipedia}",
title="{Git}",
HOWPUBLISHED="\url{http://es.wikipedia.org/wiki/Git}"
}

@MISC{prog:gitstats,
AUTHOR="{Heikki Hokkanen}",
title="{Página oficial de GitStats}",
HOWPUBLISHED="\url{http://gitstats.sourceforge.net/}"
}

@Book{mitt04, author = {Frank Mittelbach y Michel Goossens}, title = {The LaTeX
Companion}, publisher = {Addison-Wesley}, year = {2004} }

@Book{casc03, author = {Bernardo Cascales Salinas}, title = {El libro de LaTeX},
publisher = {Pearson Educación}, year = {2003} }

@MISC{website:latex-wikibooks, AUTHOR = "Wikibooks", title = "{The Book of
LaTeX}", HOWPUBLISHED = "\url{http://en.wikibooks.org/wiki/LaTeX}" }

@MISC{pdf:auctex, AUTHOR = "Joaquín Ataz López", title = "{Creación de ficheros
\LaTeX{} con GNU Emacs}", HOWPUBLISHED =
"\url{ftp://ftp.dante.de/tex-archive/info/spanish/guia-atx/guia-atx.pdf}" }

@MISC{website:doxygen, AUTHOR = "{Dimitri Van Heesch}", title = "{Pagina oficial
de Doxygen}", HOWPUBLISHED = "\url{http://www.doxygen.org}" }

@MISC{pdf:make, AUTHOR = "{Gerardo Aburruzaga García}", title = "{Make. Un
programa para controlar la recompilación}", HOWPUBLISHED =
"\url{http://www.uca.es/softwarelibre/publicaciones/make.pdf}" }
